<record><leader>00000cas a22000007a 4500</leader><controlfield tag="001">12701445</controlfield><controlfield tag="008">851021d19851988mouwr ne      0   a0eng d</controlfield><datafield ind1=" " ind2=" " tag="010"><subfield code="a">sn 85005298 </subfield></datafield><datafield ind1=" " ind2=" " tag="040"><subfield code="a">NSD</subfield><subfield code="b">eng</subfield><subfield code="c">NSD</subfield><subfield code="d">MQN</subfield><subfield code="d">NSD</subfield><subfield code="d">OCLCQ</subfield></datafield><datafield ind1=" " ind2=" " tag="012"><subfield code="j">0</subfield><subfield code="k">1</subfield><subfield code="m">d</subfield></datafield><datafield ind1="1" ind2=" " tag="022"><subfield code="a">0885-6923</subfield><subfield code="l">0885-6923</subfield><subfield code="2">1</subfield></datafield><datafield ind1=" " ind2=" " tag="037"><subfield code="b">The Northland Gazette, 2 Main St., P.O. Box 12086, Parkville, MO 64152</subfield></datafield><datafield ind1=" " ind2=" " tag="042"><subfield code="a">nsdp</subfield><subfield code="a">msc</subfield></datafield><datafield ind1=" " ind2="4" tag="222"><subfield code="a">The Northland gazette.</subfield></datafield><datafield ind1="0" ind2="4" tag="245"><subfield code="a">The Northland gazette.</subfield></datafield><datafield ind1=" " ind2=" " tag="260"><subfield code="a">Parkville, Mo. :</subfield><subfield code="b">Northland Gazette,</subfield><subfield code="c">1985-1988.</subfield></datafield><datafield ind1=" " ind2=" " tag="310"><subfield code="a">Weekly</subfield></datafield><datafield ind1="0" ind2=" " tag="362"><subfield code="a">Vol. 101, no. 36 (Sept. 5, 1985)-v. 104, no. 22 (June 1, 1988).</subfield></datafield><datafield ind1=" " ind2=" " tag="752"><subfield code="a">United States</subfield><subfield code="b">Missouri</subfield><subfield code="c">Platte</subfield><subfield code="d">Parkville.</subfield></datafield><datafield ind1="0" ind2="0" tag="780"><subfield code="t">Platte County gazette (Parkville, Mo. : 1899)</subfield><subfield code="w">(DLC)sn 85000590</subfield></datafield><datafield ind1="0" ind2="0" tag="785"><subfield code="t">Platte County gazette (Parkville, Mo. : 1988)</subfield><subfield code="w">(DLC)sn 88001843</subfield></datafield></record>